@book{30_os,
 author={川合秀实},
 title={30天自制操作系统},
 year={2012},
 month={8},
 edition={1},
 publisher={人民邮电出版社},
}
@misc{hbt,
  title={如何变得有思想},
  author={阮一峰},
  year={2014},
  publisher={北京: 人民邮电出版社}
}
@book{tanenbaum2009modern,
  title={Modern operating system},
  author={Tanenbaum, Andrew S},
  year={2009},
  publisher={Pearson Education, Inc}
}
@book{bryant2003computer,
  title={Computer systems: a programmer's perspective},
  author={Bryant, Randal E and David Richard, O'Hallaron and David Richard, O'Hallaron},
  volume={2},
  year={2003},
  publisher={Prentice Hall Upper Saddle River}
}
@manual{ibm1401,
 title={1401 Data Processing System},
}
@manual{ibm7094,
 title={7094 Data Processing System},
}
