@article{30_os,
 author = "川合秀实",
 title = {30天自制操作系统³},
 year = 2012,
 month = 8,
 edition = 1,
 publisher = {人民邮电出版社},
}
@misc{hbt,
  title={如何变得有思想},
  author={阮一峰},
  year={2014},
  publisher={北京: 人民邮电出版社}
}
